@article{butun2021application,
  title={Application layer packet processing using pisa switches},
  author={Butun, Ismail and Tuncel, Yusuf Kursat and Oztoprak, Kasim},
  journal={Sensors},
  volume={21},
  number={23},
  pages={8010},
  year={2021},
  publisher={MDPI}
}

@article{oztoprak2023technological,
  title={Technological transformation of telco operators towards seamless iot edge-cloud continuum},
  author={Oztoprak, Kasim and Tuncel, Yusuf Kursat and Butun, Ismail},
  journal={Sensors},
  volume={23},
  number={2},
  pages={1004},
  year={2023},
  publisher={MDPI}
}

@inproceedings{oztoprak2023holistic,
  title={Holistic Security Approach in Cybersecurity Services for Datacenters and Telecommunication Operators},
  author={{\"O}ztoprak, Kas{\i}m and Tuncel, Yusuf Kursat},
  booktitle={2023 IEEE International Performance, Computing, and Communications Conference (IPCCC)},
  pages={470--474},
  year={2023},
  organization={IEEE}
}